
@misc{jablonski_perspective_2008,
	title = {Perspective Oriented Business Process Visualization},
	author = {Jablonski, Stefan},
	year = {2008}
},

@misc{volz_omme_2010,
	title = {{OMME} - A Flexible Modeling Environment},
	author = {Volz, Bernhard},
	year = {2010}
},

@misc{volz_towards_2011,
	title = {Towards an Open Meta Modeling Environment},
	author = {Volz, Bernhard},
	year = {2011}
},

@misc{_comprehensive_????,
	title = {A Comprehensive Modeling Language  for Clinical Processes}
}