@misc{uli,
  shorthand={Hol12},
  title = {i>PM 3D --
Ein Prozessmodellierungswerkzeug f체r drei Dimensionen --
Konzeption und Implementierung einer multimodalen
Bedienschnittstelle sowie Optimierung von Nutzbarkeit
und Bedienbarkeit},
  howpublished={Bachelor-Thesis. Universit채t Bayreuth},
  author = {Holtmann, Uli},
  year = {2012 (eingereicht)}
}

@misc{buchi,
  shorthand={Buc12},
  title = {i>PM 3D --
Ein Prozessmodellierungswerkzeug f체r drei Dimensionen --
Evaluation und Anbindung verschiedener Eingabemethoden mit besonderem Fokus auf Gesteninteraktion und Motion Tracking},
  howpublished={Bachelor-Thesis. Universit채t Bayreuth},
  author = {Buchholz, Sebastian},
  year = {2012 (eingereicht)}
}

@misc{ipm,
  shorthand = {ipm},
  title = {i>ProcessManager. Handbuch i>PM Integrated Process Manager},
  author = {ProDatO GmbH},
  year = {Version 2.5.0, 2005}
}

