
@phdthesis{alvergren_3d_2009,
	title = {{3D} Visualization of Complex Software Models: Practical Use and Limitations},
	school = {University Of Gothenburg},
	author = {Alvergren, Joacim and Granqvist, Jonatan},
	year = {2009},
	note = {Bachelor of Software Engineering and Management Thesis}
},

@phdthesis{krolovitsch_3d_2009,
	title = {{3D} Visualization for Model Comprehension},
	school = {University Of Gothenburg},
	author = {Krolovitsch, {Anne-Katrin} and Nilsson, Linda},
	year = {2009},
	note = {Bachelor of Applied Information Technology Thesis}
}