
@online{www_simplex3d,
	title = {{Simplex3D} - Open source Scala game engine},
	url = {http://www.simplex3d.org/},
},

@online{www_clapper,
	title = {org.clapper.util Java Utility Library},
	url = {http://software.clapper.org/javautil/},
},

@online{www_erlang,
	title = {Erlang Programming Language},
	url = {http://www.erlang.org/},
},

@online{www_scala,
	title = {The Scala Programming Language},
	url = {http://www.scala-lang.org/},
},

@online{www_jbullet,
	title = {{JBullet} - Java port of Bullet Physics Library},
	url = {http://jbullet.advel.cz/},
},

@online{www_lwjgl,
	title = {lwjgl.org - Home of the Lightweight Java Game Library},
	url = {http://lwjgl.org/},
}

@online{www_slf4j,
	title = {SLF4J},
	url = {http://www.slf4j.org/index.html},
},

@online{www_opengl,
	title = {{OpenGL} - The Industry Standard for High Performance Graphics},
	url = {http://www.opengl.org/},
}
